<record><leader>00000cas a22000007a 4500</leader><controlfield tag="001">1536928</controlfield><controlfield tag="008">750812d19812008nduwr ne      0    0eng d</controlfield><controlfield tag="009">501</controlfield><datafield ind1=" " ind2=" " tag="010"><subfield code="a">sn 88076675 </subfield></datafield><datafield ind1=" " ind2=" " tag="040"><subfield code="a">MUL</subfield><subfield code="b">eng</subfield><subfield code="c">MUL</subfield><subfield code="d">OCL</subfield><subfield code="d">NOP</subfield><subfield code="d">HND</subfield></datafield><datafield ind1="1" ind2=" " tag="029"><subfield code="a">AU@</subfield><subfield code="b">000025840365</subfield></datafield><datafield ind1=" " ind2=" " tag="042"><subfield code="a">msc</subfield></datafield><datafield ind1="0" ind2=" " tag="130"><subfield code="a">Courant (Bottineau, N.D.)</subfield></datafield><datafield ind1="0" ind2="0" tag="245"><subfield code="a">Courant.</subfield></datafield><datafield ind1=" " ind2=" " tag="260"><subfield code="a">Bottineau, N.D. :</subfield><subfield code="b">Hills &amp; Plains Frees Press,</subfield><subfield code="c">1981-2008.</subfield></datafield><datafield ind1=" " ind2=" " tag="300"><subfield code="a">26 v. :</subfield><subfield code="b">ill. ;</subfield><subfield code="c">58 cm.</subfield></datafield><datafield ind1=" " ind2=" " tag="310"><subfield code="a">Weekly</subfield></datafield><datafield ind1="0" ind2=" " tag="362"><subfield code="a">Vol. 96, no. 52 (Dec. 15, 1981)-vol. 122, no. 51 (June 24, 2008).</subfield></datafield><datafield ind1=" " ind2=" " tag="500"><subfield code="a">"Official newspaper of Bottineau County and City of Bottineau", 1981-</subfield></datafield><datafield ind1=" " ind2=" " tag="500"><subfield code="a">Special "100 years old: Dunseith, N.D." supplement: July 6, 1982.</subfield></datafield><datafield ind1=" " ind2=" " tag="530"><subfield code="a">Available on microfilm from the State Historical Society of North Dakota.</subfield></datafield><datafield ind1=" " ind2=" " tag="752"><subfield code="a">United States</subfield><subfield code="b">North Dakota</subfield><subfield code="c">Bottineau</subfield><subfield code="d">Bottineau.</subfield></datafield><datafield ind1=" " ind2=" " tag="752"><subfield code="a">United States</subfield><subfield code="b">North Dakota</subfield><subfield code="c">Bottineau</subfield><subfield code="d">Dunseith.</subfield></datafield><datafield ind1="0" ind2="0" tag="780"><subfield code="t">Bottineau courant (Bottineau, N.D. : 1969)</subfield><subfield code="w">(DLC)sn 88076089</subfield></datafield><datafield ind1="0" ind2="0" tag="785"><subfield code="t">Bottineau courant (Bottineau, N.D. : 2008)</subfield><subfield code="w">(OCoLC)701863269</subfield></datafield></record>